
@article{FENG201981,
	author = {Shuo Feng and Yi Zhang and Shengbo Eben Li and Zhong Cao and Henry X. Liu and Li Li},
	issn = {1367-5788},
	journal = {Annual Reviews in Control},
	pages = {81-97},
	title = {String stability for vehicular platoon control: Definitions and analysis methods},
	volume = {47},
	year = {2019},
}
